%YAML 1.1
%TAG !u! tag:unity3d.com,2011:
--- !u!1 &100000
GameObject:
  m_ObjectHideFlags: 0
  m_PrefabParentObject: {fileID: 0}
  m_PrefabInternal: {fileID: 100100000}
  serializedVersion: 4
  m_Component:
  - 4: {fileID: 400000}
  - 114: {fileID: 11400000}
  - 114: {fileID: 11400006}
  - 33: {fileID: 3300000}
  - 23: {fileID: 2300000}
  m_Layer: 0
  m_Name: Effect Cloud
  m_TagString: Untagged
  m_Icon: {fileID: 0}
  m_NavMeshLayer: 0
  m_StaticEditorFlags: 0
  m_IsActive: 1
--- !u!1002 &100001
EditorExtensionImpl:
  serializedVersion: 6
--- !u!4 &400000
Transform:
  m_ObjectHideFlags: 1
  m_PrefabParentObject: {fileID: 0}
  m_PrefabInternal: {fileID: 100100000}
  m_GameObject: {fileID: 100000}
  m_LocalRotation: {x: 0, y: 0, z: 0, w: 1}
  m_LocalPosition: {x: -300, y: 0, z: 600}
  m_LocalScale: {x: 1, y: 1, z: 1}
  m_Children: []
  m_Father: {fileID: 0}
--- !u!1002 &400001
EditorExtensionImpl:
  serializedVersion: 6
--- !u!23 &2300000
Renderer:
  m_ObjectHideFlags: 1
  m_PrefabParentObject: {fileID: 0}
  m_PrefabInternal: {fileID: 100100000}
  m_GameObject: {fileID: 100000}
  m_Enabled: 1
  m_CastShadows: 0
  m_ReceiveShadows: 0
  m_LightmapIndex: 255
  m_LightmapTilingOffset: {x: 1, y: 1, z: 0, w: 0}
  m_Materials:
  - {fileID: 2100000, guid: 4e674a9e1f53fdc469e1ab4c96df2724, type: 2}
  m_SubsetIndices: 
  m_StaticBatchRoot: {fileID: 0}
  m_UseLightProbes: 0
  m_LightProbeAnchor: {fileID: 0}
  m_ScaleInLightmap: 1
--- !u!1002 &2300001
EditorExtensionImpl:
  serializedVersion: 6
--- !u!33 &3300000
MeshFilter:
  m_ObjectHideFlags: 1
  m_PrefabParentObject: {fileID: 0}
  m_PrefabInternal: {fileID: 100100000}
  m_GameObject: {fileID: 100000}
  m_Mesh: {fileID: 0}
--- !u!1002 &3300001
EditorExtensionImpl:
  serializedVersion: 6
--- !u!114 &11400000
MonoBehaviour:
  m_ObjectHideFlags: 1
  m_PrefabParentObject: {fileID: 0}
  m_PrefabInternal: {fileID: 100100000}
  m_GameObject: {fileID: 100000}
  m_Enabled: 1
  m_EditorHideFlags: 0
  m_Script: {fileID: 11500000, guid: 4524121f897b7ee4995ac0132d2dfd83, type: 3}
  m_Name: 
  m_EditorClassIdentifier: 
  m_ParticleData: {fileID: 11400004}
  m_CreatorData: {fileID: 11400002}
  m_CloudRendererType: 3
  m_ParticleMaterial: {fileID: 2100000, guid: 4e674a9e1f53fdc469e1ab4c96df2724, type: 2}
  m_XTile: 4
  m_YTile: 4
  m_Tint: {r: 1, g: 1, b: 1, a: 1}
  m_VerticalShadingInfluence: .75
  m_ShadingGroupInfluence: .25
  m_Scale: 50
  m_Fading: 1
  verticalColors:
  - isPermanent: 1
    verticalFactor: 0
    color: {r: .501960814, g: .501960814, b: 1, a: 1}
  - isPermanent: 1
    verticalFactor: 1
    color: {r: 1, g: 1, b: 1, a: 1}
  m_Sun: {fileID: 0}
  shadingGroups:
  - name: Shading Group Bottom
    center: {x: .0797328204, y: .0180807579, z: -.0398141854}
    shapeColor: {r: .00699329376, g: 0, b: 1, a: 1}
  - name: Shading Group Top
    center: {x: -.0391805768, y: 1.20140123, z: .0192742348}
    shapeColor: {r: 0, g: 1, b: .118881226, a: 1}
  shadingColors:
  - isPermanent: 1
    shadingFactor: -1
    color: {r: 1, g: 1, b: 1, a: 1}
  - isPermanent: 1
    shadingFactor: 1
    color: {r: 1, g: 0, b: 0, a: 1}
--- !u!1002 &11400001
EditorExtensionImpl:
  serializedVersion: 6
--- !u!114 &11400002
MonoBehaviour:
  m_ObjectHideFlags: 0
  m_PrefabParentObject: {fileID: 0}
  m_PrefabInternal: {fileID: 0}
  m_GameObject: {fileID: 0}
  m_Enabled: 1
  m_EditorHideFlags: 0
  m_Script: {fileID: 11500000, guid: 0a13b28b4e0ae3b4bb7b8b766e37023d, type: 3}
  m_Name: CreatorData
  m_EditorClassIdentifier: 
  density: .819999993
  boxShapes:
  - particleCount: 400
    position: {x: -8.34345792e-06, y: .951597929, z: .45817101}
    rotation: {x: -0, y: 0, z: 0}
    scale: {x: 3, y: 1.40748882, z: 3.91634154}
    particleGroupIndex: 0
    shadingGroupIndex: 1
  - particleCount: 400
    position: {x: 8.94069672e-08, y: 4.47034836e-08, z: -1.78813934e-07}
    rotation: {x: -0, y: 0, z: 0}
    scale: {x: 5, y: 2, z: 5}
    particleGroupIndex: 0
    shadingGroupIndex: 0
  particleGroups:
  - name: Default Particle Group
    shapeColor: {r: 1, g: .921568632, b: .0156862754, a: 1}
    particleTypes:
    - uvIndex: 8
      minimumRotation: -180
      maximumRotation: 180
      squared: 1
      minimumXSize: 1
      maximumXSize: 1
      minimumYSize: 1
      maximumYSize: 1
      creationProbability: .333333313
    - uvIndex: 9
      minimumRotation: -180
      maximumRotation: 180
      squared: 1
      minimumXSize: 1
      maximumXSize: 1
      minimumYSize: 1
      maximumYSize: 1
      creationProbability: .333333313
    - uvIndex: 10
      minimumRotation: -180
      maximumRotation: 180
      squared: 1
      minimumXSize: 1
      maximumXSize: 1
      minimumYSize: 1
      maximumYSize: 1
      creationProbability: .333333343
--- !u!1002 &11400003
EditorExtensionImpl:
  serializedVersion: 6
--- !u!114 &11400004
MonoBehaviour:
  m_ObjectHideFlags: 0
  m_PrefabParentObject: {fileID: 0}
  m_PrefabInternal: {fileID: 0}
  m_GameObject: {fileID: 0}
  m_Enabled: 1
  m_EditorHideFlags: 0
  m_Script: {fileID: 11500000, guid: 93846c0928bbe4241b42f8f22a7e8758, type: 3}
  m_Name: ParticleData
  m_EditorClassIdentifier: 
  m_Positions:
  - {x: -.813693285, y: -.155416623, z: -1.11990774}
  - {x: .338195086, y: -.150553122, z: -1.47344959}
  - {x: .479603529, y: .426585495, z: 1.39245093}
  - {x: .280458212, y: .0596080869, z: -1.64616811}
  - {x: -1.14172554, y: -.00054050982, z: -.704768777}
  - {x: .784552455, y: -.211861745, z: -.340822339}
  - {x: .937724471, y: .041173324, z: .873931408}
  - {x: -1.96548319, y: .194596782, z: 1.25189507}
  - {x: .300039053, y: -.46215874, z: 1.2547065}
  - {x: 1.40549755, y: .0918274969, z: -.582425714}
  - {x: -.223157644, y: -.314879835, z: -1.57974899}
  - {x: 1.96403456, y: .147686854, z: 1.50893319}
  - {x: .488750696, y: .26300776, z: -1.41296661}
  - {x: -.0450618267, y: .14449276, z: 1.48705733}
  - {x: 1.78261995, y: .40070194, z: -.396160245}
  - {x: .198629141, y: .401877224, z: 1.20900822}
  - {x: -1.48569918, y: .475685298, z: -1.86174142}
  - {x: -1.71372747, y: .411686838, z: 1.74029028}
  - {x: .923208117, y: -.391151249, z: .704895973}
  - {x: .522930026, y: .240446225, z: -1.77480066}
  - {x: -1.19924688, y: .281104565, z: -1.65318382}
  - {x: -.782716036, y: .276288271, z: -1.56053865}
  - {x: 1.88905001, y: -.436905324, z: 1.3116647}
  - {x: -1.45818567, y: .45487541, z: .761014938}
  - {x: 1.98490524, y: .334041655, z: .0742381662}
  - {x: -.914819479, y: .0205137581, z: -.325550199}
  - {x: 1.4026432, y: -.368365824, z: -1.43795812}
  - {x: -.7895329, y: .36953944, z: 1.4446131}
  - {x: -1.70595837, y: .432361066, z: -.131249085}
  - {x: 1.68655634, y: .489557683, z: .268133998}
  - {x: .582293391, y: -.0630543381, z: 1.06147242}
  - {x: 1.1089133, y: .430456936, z: -.180685177}
  - {x: -.598677874, y: -.430725873, z: .711891174}
  - {x: -.408540487, y: -.0767918974, z: .0981844515}
  - {x: -.29196763, y: .43622297, z: -1.87793815}
  - {x: -1.94550848, y: .0938873142, z: .220611915}
  - {x: 1.40628433, y: .368178189, z: -1.2097739}
  - {x: -1.72092628, y: .397833765, z: .702001095}
  - {x: .668401122, y: .492751539, z: .391611457}
  - {x: .252294779, y: .390306175, z: -1.57167041}
  - {x: -1.58486938, y: -.429131687, z: -1.07130802}
  - {x: .189103842, y: -.0412874371, z: -1.29190862}
  - {x: -.124850512, y: -.437109172, z: -1.99196184}
  - {x: 1.60371637, y: -.407125056, z: -1.74847543}
  - {x: 1.17160785, y: .342048109, z: -.571075082}
  - {x: 1.69221544, y: .441945851, z: .545519352}
  - {x: -.608135939, y: .418447793, z: .868612766}
  - {x: 1.33834696, y: .482607901, z: .0763143152}
  - {x: -.817600965, y: -.00415028632, z: .853239536}
  - {x: 1.64470291, y: .126299635, z: .832017899}
  - {x: -1.27701855, y: .200527683, z: -.909541726}
  - {x: -.115943193, y: -.265017331, z: -.208167687}
  - {x: .691991687, y: .479182303, z: -.854360223}
  - {x: 1.26112652, y: .362859309, z: -.949786305}
  - {x: -.464664221, y: -.399119914, z: 1.66164696}
  - {x: -1.08584785, y: -.304746687, z: -1.00017726}
  - {x: -.42282176, y: .349220097, z: .180993423}
  - {x: -1.0179987, y: -.221436277, z: 1.56021988}
  - {x: .670698524, y: -.334282458, z: 1.08076143}
  - {x: .849045157, y: .402554333, z: -1.53963745}
  - {x: 1.5235014, y: -.44963485, z: .85574007}
  - {x: .421278238, y: .0368207544, z: .463737845}
  - {x: .0979163647, y: .46189779, z: .862823963}
  - {x: .237337351, y: -.278600037, z: .865568638}
  - {x: .641338229, y: -.263906181, z: .277701735}
  - {x: -1.04906082, y: -.229306474, z: -1.83876598}
  - {x: .824891925, y: .0099657625, z: -.956540704}
  - {x: -.737935781, y: -.0447175652, z: 1.15620804}
  - {x: -.319435835, y: -.456196606, z: .275256515}
  - {x: -1.33152771, y: -.430707276, z: -.80205977}
  - {x: .392918348, y: .43096143, z: -.297516942}
  - {x: -1.76712465, y: -.473426163, z: .529163837}
  - {x: 1.75161362, y: .00865934789, z: 1.10372877}
  - {x: .811421275, y: -.493647277, z: -.222798482}
  - {x: -.154254675, y: .48770839, z: 1.65699112}
  - {x: -.243174314, y: -.045701161, z: 1.52780735}
  - {x: .716996074, y: .236732855, z: .791731834}
  - {x: .425734758, y: .233818904, z: 1.95044816}
  - {x: -1.11306906, y: .186517373, z: 1.97224915}
  - {x: 1.41220427, y: .394466221, z: 1.14404678}
  - {x: -1.28567553, y: -.329639614, z: -1.77377784}
  - {x: -1.74445486, y: -.415114224, z: 1.33541262}
  - {x: -1.88928413, y: -.214265242, z: -1.76887119}
  - {x: .364937544, y: .329421699, z: -.534641385}
  - {x: -.659911871, y: .0841120332, z: -1.94943607}
  - {x: 1.61348915, y: .409689367, z: 1.37050736}
  - {x: -1.46977425, y: .224675909, z: -.055856362}
  - {x: -.466221094, y: .0926776975, z: -.369547963}
  - {x: -1.22685671, y: .165352002, z: .0344904512}
  - {x: -.440718889, y: .0494923443, z: -1.29870546}
  - {x: 1.90563917, y: .226488605, z: -.996225953}
  - {x: -.688465357, y: -.37936002, z: -.788563848}
  - {x: -.219468355, y: .19539167, z: -1.25392997}
  - {x: 1.97831535, y: -.420275271, z: -1.93477285}
  - {x: 1.814291, y: -.459674299, z: .326560378}
  - {x: -1.53573179, y: -.220474735, z: .99060297}
  - {x: -.777715921, y: .0233617872, z: -.00279249251}
  - {x: -.22480464, y: .0434518903, z: -.814305902}
  - {x: .469862223, y: -.192110911, z: .806701183}
  - {x: .96980989, y: .420730293, z: 1.6058141}
  - {x: -.452314138, y: -.173499003, z: .819942951}
  - {x: 1.71053886, y: -.110811487, z: -1.20883214}
  - {x: -.81719327, y: .20213069, z: -1.18569934}
  - {x: .6569103, y: -.470872462, z: 1.52249825}
  - {x: -1.57862091, y: -.042361632, z: -1.90667808}
  - {x: -.226503611, y: -.0286864191, z: .316639781}
  - {x: -.0441539288, y: -.476563632, z: .32832706}
  - {x: .279008627, y: -.437949717, z: -.0787283331}
  - {x: -.0805180073, y: .256057024, z: .00283800066}
  - {x: .815387607, y: .074448213, z: .370153785}
  - {x: -.971276045, y: .186675206, z: -.631956697}
  - {x: -1.81139755, y: -.0687458664, z: .973432064}
  - {x: -1.6675148, y: -.210462466, z: -1.19847333}
  - {x: .0898554325, y: .124689922, z: -.943530679}
  - {x: .856097579, y: -.362656057, z: -.612878442}
  - {x: -1.91572046, y: -.219690695, z: -1.4929713}
  - {x: .464442015, y: -.483493388, z: 1.0501399}
  - {x: -.553615332, y: -.488091052, z: -.200139657}
  - {x: .260460138, y: -.142520919, z: 1.75179493}
  - {x: 1.60722923, y: -.34484762, z: -.67000258}
  - {x: -1.82740259, y: .491306245, z: -.870309949}
  - {x: 1.14528024, y: -.0743434578, z: -1.86655939}
  - {x: 1.38206053, y: .305807829, z: -.257875085}
  - {x: -1.31350422, y: .20322527, z: -.258704305}
  - {x: .613403201, y: .351346314, z: -.465244412}
  - {x: 1.15898263, y: -.406061351, z: -1.92825687}
  - {x: 1.7740593, y: .222610608, z: 1.77662957}
  - {x: -1.3851285, y: -.205651894, z: 1.61620104}
  - {x: -.468720675, y: .0790473074, z: 1.66709292}
  - {x: .309246778, y: .163384333, z: .0710881799}
  - {x: 1.73317003, y: -.450356781, z: 1.055089}
  - {x: .999069095, y: .425627172, z: .978658199}
  - {x: 1.0410794, y: -.466972172, z: -.0632878691}
  - {x: -1.99209833, y: .310808301, z: -1.41302049}
  - {x: -1.54320335, y: .140846387, z: .887828827}
  - {x: -.539007902, y: -.151864544, z: .483733535}
  - {x: 1.69393873, y: .0284559578, z: -1.528355}
  - {x: -.792807817, y: -.378469169, z: .388641238}
  - {x: -1.37719059, y: -.140325323, z: 1.9111625}
  - {x: -.523943186, y: .175101057, z: 1.07802057}
  - {x: 1.94455099, y: .285926104, z: 1.1151638}
  - {x: 1.08390796, y: -.284086049, z: -.521756291}
  - {x: -1.702178, y: .0741016716, z: -1.37752187}
  - {x: .995703578, y: -.0734036118, z: .194231376}
  - {x: .693602443, y: -.38009578, z: -.881169915}
  - {x: .13251853, y: .482425153, z: -1.11373222}
  - {x: -.0766665936, y: .41887182, z: -1.46972358}
  - {x: -1.17760086, y: .132357493, z: -1.24722087}
  - {x: -1.95907831, y: .188027516, z: -.716125607}
  - {x: -.465079546, y: .424305856, z: .59426403}
  - {x: 1.53703547, y: -.455557644, z: 1.92469752}
  - {x: .636428714, y: -.263947308, z: 1.70219958}
  - {x: 1.50454712, y: -.133936062, z: .549562931}
  - {x: -1.97176647, y: -.311638057, z: 1.5157119}
  - {x: -.668015242, y: .0456892103, z: .323789001}
  - {x: -.681551695, y: .470973909, z: .0931423753}
  - {x: -1.36368227, y: -.409473002, z: 1.35078871}
  - {x: -1.55256939, y: -.223187461, z: -1.59670007}
  - {x: -1.73019314, y: .0210258812, z: -.182329312}
  - {x: 1.70119286, y: .0462338775, z: .0384191126}
  - {x: 1.35559607, y: -.0678848177, z: .122337684}
  - {x: -1.11752605, y: -.0949708372, z: .980820179}
  - {x: 1.2562418, y: -.165740266, z: -1.00122344}
  - {x: .756038547, y: .0873912424, z: 1.44861805}
  - {x: -.804502726, y: .394323766, z: 1.0641017}
  - {x: .212030649, y: -.0820446163, z: .249817237}
  - {x: 1.79677677, y: -.0987150818, z: -.915676713}
  - {x: -1.92480946, y: .437323511, z: -1.64853609}
  - {x: -1.61156511, y: .105227575, z: .324783683}
  - {x: .956253409, y: .106795177, z: -1.6508683}
  - {x: -.994558573, y: -.268612802, z: 1.12527323}
  - {x: -.43395257, y: -.473776996, z: -1.34047973}
  - {x: -.0404131413, y: .152998343, z: .801918983}
  - {x: 1.42432213, y: -.198988453, z: 1.13620043}
  - {x: -.383004427, y: -.42329222, z: -.00253976882}
  - {x: .0861728191, y: -.101255551, z: -.539631486}
  - {x: -1.66781235, y: -.0661084801, z: -.682680726}
  - {x: 1.94755077, y: .377622902, z: 1.91206324}
  - {x: 1.63593578, y: -.191546455, z: 1.30512679}
  - {x: -1.40294552, y: .258951068, z: .2999295}
  - {x: .548147082, y: .462660372, z: .627507687}
  - {x: .95090425, y: -.00794567168, z: -.410549283}
  - {x: 1.22880304, y: -.224579707, z: 1.36899102}
  - {x: -1.64661264, y: -.165235296, z: 1.40397227}
  - {x: -1.77774334, y: -.00208593905, z: .505890369}
  - {x: .0735929012, y: -.0855819136, z: 1.34920323}
  - {x: 1.483284, y: .489493072, z: -1.93477142}
  - {x: -1.39493704, y: -.0692114979, z: 1.25396168}
  - {x: -1.20231438, y: .0748494714, z: 1.51968443}
  - {x: .455834627, y: -.313399851, z: .0677507967}
  - {x: 1.16709316, y: -.426315486, z: 1.03278494}
  - {x: .3995893, y: -.154026046, z: -1.82940328}
  - {x: -.836790323, y: .231287494, z: 1.95417225}
  - {x: -1.89755583, y: -.109017506, z: 1.77174437}
  - {x: 1.65509415, y: .405215442, z: -.623046994}
  - {x: 1.87483978, y: -.354129732, z: -1.02480161}
  - {x: .764947772, y: -.254191816, z: -1.50437009}
  - {x: -1.95130539, y: .362286031, z: -1.93151844}
  - {x: 1.29199934, y: .345864713, z: 1.57497895}
  - {x: -.561059237, y: .334022462, z: -.352979302}
  - {x: -.728978395, y: -.190216079, z: -.308242917}
  - {x: 1.72220039, y: .44079262, z: -1.06427562}
  - {x: 1.18898714, y: .140887275, z: -1.3010968}
  - {x: -1.40670443, y: -.369097769, z: .204579696}
  - {x: -1.13802481, y: .119961485, z: -1.99231756}
  - {x: -1.67833662, y: -.413896978, z: 1.79315531}
  - {x: -.708943605, y: -.164272085, z: -1.40011728}
  - {x: -.131768465, y: .396425188, z: -.686399579}
  - {x: -.953582048, y: .23461391, z: .270490527}
  - {x: -.193966627, y: -.0103737265, z: 1.80301964}
  - {x: -1.94932079, y: .364766896, z: .0331019014}
  - {x: -.186258554, y: -.297876298, z: -.736847997}
  - {x: .998592257, y: .409830034, z: 1.86135542}
  - {x: -1.06546879, y: .378750026, z: .892956734}
  - {x: 1.87746668, y: -.42959851, z: 1.86739886}
  - {x: .857966304, y: -.00894643366, z: -.141888753}
  - {x: .994011283, y: -.00664784014, z: 1.56498921}
  - {x: .0678732395, y: -.0499861389, z: -1.84840715}
  - {x: .112183332, y: -.426211298, z: -1.0960983}
  - {x: -.709882975, y: -.34076339, z: -1.66416681}
  - {x: .410078287, y: -.0477329642, z: -.996145368}
  - {x: -1.08308697, y: -.125481144, z: .481757998}
  - {x: .232428789, y: .344703734, z: 1.81614697}
  - {x: -.31164813, y: .430960476, z: 1.41088688}
  - {x: .269634426, y: 1.68157411, z: -.465986133}
  - {x: .605748355, y: .79255116, z: -.536850691}
  - {x: .894917011, y: 1.21365047, z: .196444631}
  - {x: -.230691075, y: 1.56564689, z: -.426443458}
  - {x: -.723670244, y: .896756887, z: -.183064342}
  - {x: -.526882648, y: .860110044, z: -.668402672}
  - {x: -.0357180834, y: 1.38623917, z: .780754566}
  - {x: -.894460917, y: 1.56736302, z: .971882105}
  - {x: -.0150738955, y: 1.63262987, z: .0811947584}
  - {x: -.969524384, y: .864317894, z: .801345348}
  - {x: .133412719, y: 1.06101513, z: .264037311}
  - {x: -.41406858, y: .706233978, z: -.873757601}
  - {x: -.157501578, y: .771046042, z: -.686701298}
  - {x: -.647590399, y: 1.23975849, z: .843747616}
  - {x: .576747835, y: .776879787, z: .11034739}
  - {x: -.148525834, y: .799746871, z: -.106576562}
  - {x: -.420705676, y: 1.31457639, z: .357576787}
  - {x: .772794247, y: .864548445, z: -.846622944}
  - {x: .985285997, y: 1.66312945, z: .18098104}
  - {x: .454124391, y: 1.66058803, z: .953163147}
  - {x: .188869596, y: .728261232, z: -.514205694}
  - {x: .700656891, y: 1.39797783, z: -.581342459}
  - {x: -.936593294, y: .940112948, z: .0793792009}
  - {x: -.95381856, y: 1.67625105, z: .267865121}
  - {x: .356259525, y: 1.13964558, z: .677205324}
  - {x: .164042115, y: 1.35987759, z: .0274344683}
  - {x: .959007978, y: .746489286, z: .0771781206}
  - {x: .795836449, y: 1.34953976, z: .847264051}
  - {x: -.456866384, y: 1.3727982, z: -.0976854563}
  - {x: .703282356, y: 1.10218191, z: .0313643217}
  - {x: .0358182192, y: .736868739, z: .792280436}
  - {x: -.139737964, y: 1.66369081, z: -.889410257}
  - {x: -.4160918, y: 1.59502697, z: -.702555656}
  - {x: -.491944671, y: .755774736, z: .336541116}
  - {x: -.389650226, y: 1.06745887, z: .944331408}
  - {x: .885680437, y: 1.02357006, z: -.176295161}
  - {x: -.790982723, y: .749776125, z: .54860729}
  - {x: -.21955359, y: .969541013, z: .26301831}
  - {x: -.252571225, y: 1.64625716, z: .572080553}
  - {x: -.991667271, y: .77066195, z: .278833568}
  - {x: .0246733427, y: 1.64176416, z: .441738546}
  - {x: -.575675964, y: 1.17202735, z: -.641887426}
  - {x: .420738161, y: 1.64799118, z: .650210142}
  - {x: .0613154173, y: .767310143, z: .257482946}
  - {x: -.676812887, y: 1.58715236, z: -.574179649}
  - {x: -.339701295, y: 1.03718352, z: .671667099}
  - {x: .45471257, y: 1.23028588, z: .237223268}
  - {x: .337831914, y: .763159871, z: .83727479}
  - {x: .535254419, y: 1.38435674, z: .721848011}
  - {x: -.382703424, y: 1.43974996, z: .656174898}
  - {x: .133342862, y: .855957747, z: .577807128}
  - {x: -.903244972, y: 1.68923903, z: -.688431978}
  - {x: .330905378, y: 1.6283766, z: .219156623}
  - {x: .220359206, y: 1.12364721, z: -.851468325}
  - {x: -.577012062, y: 1.28235841, z: .575147331}
  - {x: .715899229, y: 1.57413805, z: -.251906514}
  - {x: .563344657, y: 1.15232468, z: -.611115694}
  - {x: .852157354, y: 1.29462862, z: .441446245}
  - {x: -.239339471, y: 1.64777958, z: -.0538374186}
  - {x: .0294064283, y: 1.30536509, z: -.255283237}
  - {x: .98916173, y: 1.55547965, z: .991016388}
  - {x: .402908742, y: 1.36837327, z: -.104600787}
  - {x: -.531959534, y: 1.21204638, z: -.337546468}
  - {x: -.32457459, y: 1.46067441, z: -.959917545}
  - {x: -.149839282, y: 1.22356176, z: -.650984287}
  - {x: .388539016, y: 1.44757247, z: -.932980537}
  - {x: -.80805397, y: .831292629, z: -.444421649}
  - {x: .655051231, y: 1.04278302, z: .589377344}
  - {x: .677712202, y: 1.50788748, z: -.897013903}
  - {x: .961127281, y: .985225141, z: .890146255}
  - {x: -.792349339, y: 1.18982506, z: .0776046515}
  - {x: .00668871403, y: 1.37421679, z: -.979561806}
  - {x: -.982226849, y: 1.4493047, z: -.196910739}
  - {x: .888061523, y: .75709939, z: -.562845707}
  - {x: -.396371961, y: .982369959, z: -.237735629}
  - {x: -.313161016, y: .814582586, z: .909433603}
  - {x: -.757237673, y: 1.50960314, z: .620881498}
  - {x: .91896224, y: 1.56378734, z: -.435615897}
  - {x: -.767296791, y: 1.02579308, z: .516861856}
  - {x: -.89304471, y: .859731555, z: -.99391818}
  - {x: .147602439, y: 1.27919102, z: -.608482599}
  - {x: -.564815044, y: 1.62820196, z: .786974669}
  - {x: -.946212769, y: 1.36892295, z: .367126882}
  - {x: .129729629, y: 1.42141521, z: .310730875}
  - {x: .874613762, y: 1.21233582, z: -.397211909}
  - {x: .248430133, y: 1.53683472, z: -.704502106}
  - {x: .375807464, y: .78973031, z: -.794790983}
  - {x: .39083761, y: .897108078, z: .257791221}
  - {x: .981738329, y: 1.21792269, z: -.812347651}
  m_Rotations:
  - 172.70903
  - 9.83634758
  - -33.0596008
  - -19.9869843
  - -111.602295
  - -121.459518
  - -3.93750429
  - 100.808517
  - 71.5564728
  - -53.3958092
  - -148.574463
  - 14.2619915
  - 80.338501
  - -13.6084766
  - -20.7732372
  - -127.230652
  - -109.058014
  - 71.1251373
  - -58.0124245
  - 56.829731
  - -157.988037
  - -137.660446
  - 22.398613
  - -30.998848
  - 43.3506546
  - 167.353836
  - 80.8140488
  - -111.689461
  - 3.45715284
  - -17.453434
  - -140.638306
  - -108.224129
  - -151.760284
  - -150.212158
  - -68.980217
  - -68.2006989
  - -169.991241
  - -40.0055351
  - 171.260849
  - 115.981155
  - -136.67627
  - 3.45406294
  - -102.502914
  - -162.279953
  - -90.1896439
  - 74.0159149
  - -30.4150276
  - 139.794922
  - -138.320618
  - -159.147003
  - 134.04805
  - -65.7824631
  - 31.2413197
  - 53.5912971
  - -83.6824951
  - 88.9010544
  - -94.4436264
  - -139.211456
  - 33.3849831
  - -124.793701
  - 64.9084625
  - 59.5880737
  - 152.81575
  - 6.80339098
  - -103.827148
  - 115.493042
  - -80.3053589
  - -134.415192
  - 13.2741241
  - 15.8502026
  - -146.41835
  - -30.2361126
  - -8.54987335
  - 174.031509
  - -140.257431
  - -93.2475739
  - -176.974762
  - -108.049164
  - 88.490097
  - -41.9880943
  - -105.663925
  - -13.2543831
  - -172.666962
  - 62.7502899
  - -126.42569
  - -97.5673904
  - 28.3399849
  - 170.552444
  - -178.719452
  - -4.8316884
  - -156.297989
  - -167.864441
  - -173.594452
  - 89.6016083
  - -88.5249786
  - -153.203873
  - -21.2407131
  - 158.300064
  - -10.3987522
  - -95.6875305
  - -156.191086
  - -39.1066704
  - 30.1880913
  - -169.843353
  - 69.0726242
  - -6.54521227
  - 50.4201965
  - 122.793709
  - -88.9459763
  - -17.4596996
  - -101.4814
  - 40.9762344
  - 45.1768875
  - -.1679492
  - 161.600555
  - -170.534027
  - -24.8488636
  - -119.512711
  - -63.9165459
  - -143.067612
  - -56.1424332
  - -114.285797
  - -6.70056581
  - -137.660492
  - -100.079056
  - -143.384506
  - 7.38107443
  - -117.751205
  - -61.4889984
  - 57.8394432
  - -132.130341
  - -105.019386
  - 19.6318169
  - -61.5164642
  - -65.4302597
  - 161.26741
  - -4.02543783
  - -148.592834
  - 162.651596
  - 13.0110531
  - -127.667953
  - 56.3462906
  - -42.1445618
  - -18.9501934
  - 35.8386269
  - 173.251221
  - 125.96833
  - 114.623016
  - -63.2668533
  - 95.1423187
  - 112.546341
  - -105.711433
  - 57.416687
  - -177.592834
  - 37.9692879
  - 34.1650543
  - 87.7345276
  - 175.41716
  - 175.812881
  - -107.356255
  - 47.0376091
  - 175.483551
  - -81.8979034
  - -118.349487
  - 20.9367447
  - 80.1719437
  - 117.362259
  - 121.38047
  - -132.413971
  - -28.5796242
  - 78.2085266
  - -10.6293793
  - -153.246872
  - -109.412582
  - -126.790512
  - -28.9967175
  - 31.781538
  - 159.143097
  - -74.2616806
  - -43.589138
  - -132.03241
  - -103.032364
  - -93.0381088
  - -64.4081421
  - 12.6528816
  - -54.9630318
  - -67.4023438
  - 131.377808
  - 167.136505
  - 106.68174
  - 169.496643
  - -149.973083
  - -25.847847
  - -152.140823
  - -26.9439487
  - -132.829941
  - -100.593994
  - -75.6327362
  - -150.248291
  - 127.681297
  - 76.0213013
  - -132.052322
  - 138.951553
  - -27.9931431
  - -160.8992
  - -20.4279404
  - 178.156525
  - -31.0585423
  - 84.6419678
  - -85.6923065
  - -12.915308
  - 97.0539017
  - 94.592659
  - -173.167068
  - -17.5784035
  - 177.732956
  - -1.5163064
  - -80.3041153
  - 92.5828094
  - 165.557358
  - 45.4379845
  - 73.4963379
  - 36.157959
  - -143.673187
  - 179.007965
  - 91.6765594
  - -134.92923
  - -86.4325943
  - -9.31827354
  - -105.027626
  - 179.149765
  - 97.9579926
  - -90.5232239
  - 98.0293198
  - 52.374649
  - -136.975128
  - 90.0544891
  - 41.7582817
  - 106.572433
  - 122.994469
  - 27.1351357
  - 162.313904
  - 27.3182983
  - 127.534782
  - -84.8131866
  - 74.0259552
  - 19.0880375
  - 132.479492
  - -66.1267319
  - -63.4100189
  - -136.85321
  - -123.991913
  - -97.3836288
  - 90.0552673
  - -100.85273
  - 103.137962
  - -109.062096
  - -132.313721
  - -97.5268784
  - 156.725677
  - 42.6298943
  - -119.62043
  - -51.2282829
  - -44.9234161
  - -74.2110825
  - 111.61499
  - -107.385735
  - 14.4473438
  - 111.17292
  - 22.1818466
  - 75.3853836
  - 34.5304375
  - -101.222366
  - -19.5056896
  - 77.3659286
  - -149.678513
  - 134.918365
  - 155.270035
  - 179.234131
  - 85.002327
  - -82.6371231
  - 141.797867
  - 61.6265526
  - 100.923576
  - -165.822403
  - 168.705368
  - -167.673035
  - 89.2024536
  - -26.3542919
  - -70.3603287
  - -78.5569458
  - 166.260559
  - 3.56856108
  - -149.952225
  - -129.11618
  - -1.22267962
  - -155.135529
  - -139.935944
  - 124.625595
  - -167.367264
  - 54.8767853
  - 111.283508
  - -61.5349617
  - 68.904953
  - 19.4662495
  - 22.5960655
  - 137.688034
  - 35.8875046
  - -54.0958862
  - 141.564499
  - -139.679703
  - 131.396912
  - -52.0020905
  m_Sizes:
  - {x: 1, y: 1}
  - {x: 1, y: 1}
  - {x: 1, y: 1}
  - {x: 1, y: 1}
  - {x: 1, y: 1}
  - {x: 1, y: 1}
  - {x: 1, y: 1}
  - {x: 1, y: 1}
  - {x: 1, y: 1}
  - {x: 1, y: 1}
  - {x: 1, y: 1}
  - {x: 1, y: 1}
  - {x: 1, y: 1}
  - {x: 1, y: 1}
  - {x: 1, y: 1}
  - {x: 1, y: 1}
  - {x: 1, y: 1}
  - {x: 1, y: 1}
  - {x: 1, y: 1}
  - {x: 1, y: 1}
  - {x: 1, y: 1}
  - {x: 1, y: 1}
  - {x: 1, y: 1}
  - {x: 1, y: 1}
  - {x: 1, y: 1}
  - {x: 1, y: 1}
  - {x: 1, y: 1}
  - {x: 1, y: 1}
  - {x: 1, y: 1}
  - {x: 1, y: 1}
  - {x: 1, y: 1}
  - {x: 1, y: 1}
  - {x: 1, y: 1}
  - {x: 1, y: 1}
  - {x: 1, y: 1}
  - {x: 1, y: 1}
  - {x: 1, y: 1}
  - {x: 1, y: 1}
  - {x: 1, y: 1}
  - {x: 1, y: 1}
  - {x: 1, y: 1}
  - {x: 1, y: 1}
  - {x: 1, y: 1}
  - {x: 1, y: 1}
  - {x: 1, y: 1}
  - {x: 1, y: 1}
  - {x: 1, y: 1}
  - {x: 1, y: 1}
  - {x: 1, y: 1}
  - {x: 1, y: 1}
  - {x: 1, y: 1}
  - {x: 1, y: 1}
  - {x: 1, y: 1}
  - {x: 1, y: 1}
  - {x: 1, y: 1}
  - {x: 1, y: 1}
  - {x: 1, y: 1}
  - {x: 1, y: 1}
  - {x: 1, y: 1}
  - {x: 1, y: 1}
  - {x: 1, y: 1}
  - {x: 1, y: 1}
  - {x: 1, y: 1}
  - {x: 1, y: 1}
  - {x: 1, y: 1}
  - {x: 1, y: 1}
  - {x: 1, y: 1}
  - {x: 1, y: 1}
  - {x: 1, y: 1}
  - {x: 1, y: 1}
  - {x: 1, y: 1}
  - {x: 1, y: 1}
  - {x: 1, y: 1}
  - {x: 1, y: 1}
  - {x: 1, y: 1}
  - {x: 1, y: 1}
  - {x: 1, y: 1}
  - {x: 1, y: 1}
  - {x: 1, y: 1}
  - {x: 1, y: 1}
  - {x: 1, y: 1}
  - {x: 1, y: 1}
  - {x: 1, y: 1}
  - {x: 1, y: 1}
  - {x: 1, y: 1}
  - {x: 1, y: 1}
  - {x: 1, y: 1}
  - {x: 1, y: 1}
  - {x: 1, y: 1}
  - {x: 1, y: 1}
  - {x: 1, y: 1}
  - {x: 1, y: 1}
  - {x: 1, y: 1}
  - {x: 1, y: 1}
  - {x: 1, y: 1}
  - {x: 1, y: 1}
  - {x: 1, y: 1}
  - {x: 1, y: 1}
  - {x: 1, y: 1}
  - {x: 1, y: 1}
  - {x: 1, y: 1}
  - {x: 1, y: 1}
  - {x: 1, y: 1}
  - {x: 1, y: 1}
  - {x: 1, y: 1}
  - {x: 1, y: 1}
  - {x: 1, y: 1}
  - {x: 1, y: 1}
  - {x: 1, y: 1}
  - {x: 1, y: 1}
  - {x: 1, y: 1}
  - {x: 1, y: 1}
  - {x: 1, y: 1}
  - {x: 1, y: 1}
  - {x: 1, y: 1}
  - {x: 1, y: 1}
  - {x: 1, y: 1}
  - {x: 1, y: 1}
  - {x: 1, y: 1}
  - {x: 1, y: 1}
  - {x: 1, y: 1}
  - {x: 1, y: 1}
  - {x: 1, y: 1}
  - {x: 1, y: 1}
  - {x: 1, y: 1}
  - {x: 1, y: 1}
  - {x: 1, y: 1}
  - {x: 1, y: 1}
  - {x: 1, y: 1}
  - {x: 1, y: 1}
  - {x: 1, y: 1}
  - {x: 1, y: 1}
  - {x: 1, y: 1}
  - {x: 1, y: 1}
  - {x: 1, y: 1}
  - {x: 1, y: 1}
  - {x: 1, y: 1}
  - {x: 1, y: 1}
  - {x: 1, y: 1}
  - {x: 1, y: 1}
  - {x: 1, y: 1}
  - {x: 1, y: 1}
  - {x: 1, y: 1}
  - {x: 1, y: 1}
  - {x: 1, y: 1}
  - {x: 1, y: 1}
  - {x: 1, y: 1}
  - {x: 1, y: 1}
  - {x: 1, y: 1}
  - {x: 1, y: 1}
  - {x: 1, y: 1}
  - {x: 1, y: 1}
  - {x: 1, y: 1}
  - {x: 1, y: 1}
  - {x: 1, y: 1}
  - {x: 1, y: 1}
  - {x: 1, y: 1}
  - {x: 1, y: 1}
  - {x: 1, y: 1}
  - {x: 1, y: 1}
  - {x: 1, y: 1}
  - {x: 1, y: 1}
  - {x: 1, y: 1}
  - {x: 1, y: 1}
  - {x: 1, y: 1}
  - {x: 1, y: 1}
  - {x: 1, y: 1}
  - {x: 1, y: 1}
  - {x: 1, y: 1}
  - {x: 1, y: 1}
  - {x: 1, y: 1}
  - {x: 1, y: 1}
  - {x: 1, y: 1}
  - {x: 1, y: 1}
  - {x: 1, y: 1}
  - {x: 1, y: 1}
  - {x: 1, y: 1}
  - {x: 1, y: 1}
  - {x: 1, y: 1}
  - {x: 1, y: 1}
  - {x: 1, y: 1}
  - {x: 1, y: 1}
  - {x: 1, y: 1}
  - {x: 1, y: 1}
  - {x: 1, y: 1}
  - {x: 1, y: 1}
  - {x: 1, y: 1}
  - {x: 1, y: 1}
  - {x: 1, y: 1}
  - {x: 1, y: 1}
  - {x: 1, y: 1}
  - {x: 1, y: 1}
  - {x: 1, y: 1}
  - {x: 1, y: 1}
  - {x: 1, y: 1}
  - {x: 1, y: 1}
  - {x: 1, y: 1}
  - {x: 1, y: 1}
  - {x: 1, y: 1}
  - {x: 1, y: 1}
  - {x: 1, y: 1}
  - {x: 1, y: 1}
  - {x: 1, y: 1}
  - {x: 1, y: 1}
  - {x: 1, y: 1}
  - {x: 1, y: 1}
  - {x: 1, y: 1}
  - {x: 1, y: 1}
  - {x: 1, y: 1}
  - {x: 1, y: 1}
  - {x: 1, y: 1}
  - {x: 1, y: 1}
  - {x: 1, y: 1}
  - {x: 1, y: 1}
  - {x: 1, y: 1}
  - {x: 1, y: 1}
  - {x: 1, y: 1}
  - {x: 1, y: 1}
  - {x: 1, y: 1}
  - {x: 1, y: 1}
  - {x: 1, y: 1}
  - {x: 1, y: 1}
  - {x: 1, y: 1}
  - {x: 1, y: 1}
  - {x: 1, y: 1}
  - {x: 1, y: 1}
  - {x: 1, y: 1}
  - {x: 1, y: 1}
  - {x: 1, y: 1}
  - {x: 1, y: 1}
  - {x: 1, y: 1}
  - {x: 1, y: 1}
  - {x: 1, y: 1}
  - {x: 1, y: 1}
  - {x: 1, y: 1}
  - {x: 1, y: 1}
  - {x: 1, y: 1}
  - {x: 1, y: 1}
  - {x: 1, y: 1}
  - {x: 1, y: 1}
  - {x: 1, y: 1}
  - {x: 1, y: 1}
  - {x: 1, y: 1}
  - {x: 1, y: 1}
  - {x: 1, y: 1}
  - {x: 1, y: 1}
  - {x: 1, y: 1}
  - {x: 1, y: 1}
  - {x: 1, y: 1}
  - {x: 1, y: 1}
  - {x: 1, y: 1}
  - {x: 1, y: 1}
  - {x: 1, y: 1}
  - {x: 1, y: 1}
  - {x: 1, y: 1}
  - {x: 1, y: 1}
  - {x: 1, y: 1}
  - {x: 1, y: 1}
  - {x: 1, y: 1}
  - {x: 1, y: 1}
  - {x: 1, y: 1}
  - {x: 1, y: 1}
  - {x: 1, y: 1}
  - {x: 1, y: 1}
  - {x: 1, y: 1}
  - {x: 1, y: 1}
  - {x: 1, y: 1}
  - {x: 1, y: 1}
  - {x: 1, y: 1}
  - {x: 1, y: 1}
  - {x: 1, y: 1}
  - {x: 1, y: 1}
  - {x: 1, y: 1}
  - {x: 1, y: 1}
  - {x: 1, y: 1}
  - {x: 1, y: 1}
  - {x: 1, y: 1}
  - {x: 1, y: 1}
  - {x: 1, y: 1}
  - {x: 1, y: 1}
  - {x: 1, y: 1}
  - {x: 1, y: 1}
  - {x: 1, y: 1}
  - {x: 1, y: 1}
  - {x: 1, y: 1}
  - {x: 1, y: 1}
  - {x: 1, y: 1}
  - {x: 1, y: 1}
  - {x: 1, y: 1}
  - {x: 1, y: 1}
  - {x: 1, y: 1}
  - {x: 1, y: 1}
  - {x: 1, y: 1}
  - {x: 1, y: 1}
  - {x: 1, y: 1}
  - {x: 1, y: 1}
  - {x: 1, y: 1}
  - {x: 1, y: 1}
  - {x: 1, y: 1}
  - {x: 1, y: 1}
  - {x: 1, y: 1}
  - {x: 1, y: 1}
  - {x: 1, y: 1}
  - {x: 1, y: 1}
  - {x: 1, y: 1}
  - {x: 1, y: 1}
  - {x: 1, y: 1}
  - {x: 1, y: 1}
  - {x: 1, y: 1}
  - {x: 1, y: 1}
  - {x: 1, y: 1}
  - {x: 1, y: 1}
  - {x: 1, y: 1}
  m_UVIndices: 08000000080000000800000008000000080000000800000008000000080000000800000008000000080000000800000008000000080000000800000008000000080000000800000008000000080000000800000008000000080000000800000008000000080000000800000008000000080000000800000008000000080000000800000008000000080000000800000008000000080000000800000008000000080000000800000008000000080000000800000008000000080000000800000008000000080000000800000008000000080000000800000008000000080000000800000008000000080000000800000008000000080000000800000008000000080000000800000008000000080000000800000008000000080000000800000009000000090000000900000009000000090000000900000009000000090000000900000009000000090000000900000009000000090000000900000009000000090000000900000009000000090000000900000009000000090000000900000009000000090000000900000009000000090000000900000009000000090000000900000009000000090000000900000009000000090000000900000009000000090000000900000009000000090000000900000009000000090000000900000009000000090000000900000009000000090000000900000009000000090000000900000009000000090000000900000009000000090000000900000009000000090000000900000009000000090000000900000009000000090000000900000009000000090000000900000009000000090000000900000009000000090000000900000009000000090000000a0000000a0000000a0000000a0000000a0000000a0000000a0000000a0000000a0000000a0000000a0000000a0000000a0000000a0000000a0000000a0000000a0000000a0000000a0000000a0000000a0000000a0000000a0000000a0000000a0000000a0000000a0000000a0000000a0000000a0000000a0000000a0000000a0000000a0000000a0000000a0000000a0000000a0000000a0000000a0000000a0000000a0000000a0000000a0000000a0000000a0000000a0000000a0000000a0000000a0000000a0000000a0000000a0000000a0000000a0000000a0000000a0000000a0000000a0000000a0000000a0000000a0000000a0000000a0000000a0000000a0000000a0000000a0000000a00000008000000080000000800000008000000080000000800000008000000080000000800000008000000080000000800000008000000080000000800000008000000080000000800000008000000080000000800000008000000080000000800000008000000090000000900000009000000090000000900000009000000090000000900000009000000090000000900000009000000090000000900000009000000090000000900000009000000090000000900000009000000090000000900000009000000090000000900000009000000090000000a0000000a0000000a0000000a0000000a0000000a0000000a0000000a0000000a0000000a0000000a0000000a0000000a0000000a0000000a0000000a0000000a0000000a0000000a0000000a0000000a0000000a0000000a0000000a0000000a0000000a0000000a0000000a0000000a0000000a0000000a0000000a0000000a0000000a0000000a0000000a000000
  m_IsSquareds: 01010101010101010101010101010101010101010101010101010101010101010101010101010101010101010101010101010101010101010101010101010101010101010101010101010101010101010101010101010101010101010101010101010101010101010101010101010101010101010101010101010101010101010101010101010101010101010101010101010101010101010101010101010101010101010101010101010101010101010101010101010101010101010101010101010101010101010101010101010101010101010101010101010101010101010101010101010101010101010101010101010101010101010101010101010101010101010101010101010101010101010101010101010101010101010101010101010101010101010101010101010101010101010101010101
  m_IsCoreParticles: 01000000010101000100000000000001000001000000000000010000000001010101000000000100000100000100010001000001010000000100010000010101010001010100010000010000010000000000000100000001010100010100000001010100010000000001010101010100000101000101000000000001010000000001000001000001000100010001000101010000000100000000010100000000010000000101000000000000010001010000000001010000000100000001000000000000000000010100000000000001010000010000000100000100010100000001000001010000000001010100010100000000010001000101010000010100000100010101000100000001000101010000010000000000000000010000010001000101000000000001010100000100000000000000010100
  m_ShadingGroupIndices: 00000000000000000000000000000000000000000000000000000000000000000000000000000000000000000000000000000000000000000000000000000000000000000000000000000000000000000000000000000000000000000000000000000000000000000000000000000000000000000000000000000000000000000000000000000000000000000000000000000000000000000000000000000000000000000000000000000000000000000000000000000000000000000000000000000000000000000000000000000000000000000000000000000000000000000000000000000000000000000000000000000000000000000000000000000000000000000000000000000000000000000000000000000000000000000000000000000000000000000000000000000000000000000000000000000000000000000000000000000000000000000000000000000000000000000000000000000000000000000000000000000000000000000000000000000000000000000000000000000000000000000000000000000000000000000000000000000000000000000000000000000000000000000000000000000000000000000000000000000000000000000000000000000000000000000000000000000000000000000000000000000000000000000000000000000000000000000000000000000000000000000000000000000000000000000000000000000000000000000000000000000000000000000000000000000000000000000000000000000000000000000000000000000000000000000000000000000000000000000000000000000000000000000000000000000000000000000000000000000000000000000000000000000000000000000000000000000000000000000000000000000000000000000000000000000000000000000000000000000000000000000000000000000000000000000000000000000000000000000000000000000000000000000000000000000000000000000000000000000000000000000000000000000000000000000000000000000000000000000000000000000000000000000000000000000000000000000000000000000000000000000000000000000000000000000000000000000000000000000000000000000000000000000000000000000000000000000000000000000000000000000000000000000000000000000000000000000000000000000100000001000000010000000100000001000000010000000100000001000000010000000100000001000000010000000100000001000000010000000100000001000000010000000100000001000000010000000100000001000000010000000100000001000000010000000100000001000000010000000100000001000000010000000100000001000000010000000100000001000000010000000100000001000000010000000100000001000000010000000100000001000000010000000100000001000000010000000100000001000000010000000100000001000000010000000100000001000000010000000100000001000000010000000100000001000000010000000100000001000000010000000100000001000000010000000100000001000000010000000100000001000000010000000100000001000000010000000100000001000000010000000100000001000000010000000100000001000000
--- !u!1002 &11400005
EditorExtensionImpl:
  serializedVersion: 6
--- !u!114 &11400006
MonoBehaviour:
  m_ObjectHideFlags: 1
  m_PrefabParentObject: {fileID: 0}
  m_PrefabInternal: {fileID: 100100000}
  m_GameObject: {fileID: 100000}
  m_Enabled: 1
  m_EditorHideFlags: 0
  m_Script: {fileID: 11500000, guid: 7395743f42a52794f811aa557fa34ad6, type: 3}
  m_Name: 
  m_EditorClassIdentifier: 
  useParticleColor: 0
  m_MeshFilter: {fileID: 3300000}
  m_MeshRenderer: {fileID: 2300000}
--- !u!1002 &11400007
EditorExtensionImpl:
  serializedVersion: 6
--- !u!1001 &100100000
Prefab:
  m_ObjectHideFlags: 1
  serializedVersion: 2
  m_Modification:
    m_TransformParent: {fileID: 0}
    m_Modifications: []
    m_RemovedComponents: []
  m_ParentPrefab: {fileID: 0}
  m_RootGameObject: {fileID: 100000}
  m_IsPrefabParent: 1
  m_IsExploded: 1
--- !u!1002 &100100001
EditorExtensionImpl:
  serializedVersion: 6
